@article{pham2000current,
  title={Current methods in medical image segmentation 1},
  author={Pham, Dzung L and Xu, Chenyang and Prince, Jerry L},
  journal={Annual review of biomedical engineering},
  volume={2},
  number={1},
  pages={315--337},
  year={2000},
  publisher={Annual Reviews 4139 El Camino Way, PO Box 10139, Palo Alto, CA 94303-0139, USA}
}

@inproceedings{lorensen1987marching,
  title={Marching cubes: A high resolution 3D surface construction algorithm},
  author={Lorensen, William E and Cline, Harvey E},
  booktitle={ACM Siggraph Computer Graphics},
  volume={21},
  number={4},
  pages={163--169},
  year={1987},
  organization={ACM}
}

@article{del2009combined,
  title={A combined region growing and deformable model method for extraction of closed surfaces in 3D CT and MRI scans},
  author={Del Fresno, M and V{\'e}nere, M and Clausse, A and others},
  journal={Computerized Medical Imaging and Graphics},
  volume={33},
  number={5},
  pages={369},
  year={2009}
}

@article{mcinemey1999topology,
  title={Topology adaptive deformable surfaces for medical image volume segmentation},
  author={McInemey, T and Terzopoulos, Demetri},
  journal={Medical Imaging, IEEE Transactions on},
  volume={18},
  number={10},
  pages={840--850},
  year={1999},
  publisher={IEEE}
}

@article{li2011integrating,
  title={Integrating spatial fuzzy clustering with level set methods for automated medical image segmentation},
  author={Li, Bing Nan and Chui, Chee Kong and Chang, Stephen and Ong, SH},
  journal={Computers in Biology and Medicine},
  volume={41},
  number={1},
  pages={1--10},
  year={2011},
  publisher={Elsevier}
}

@article{chuang2006fuzzy,
  title={Fuzzy c-means clustering with spatial information for image segmentation},
  author={Chuang, Keh-Shih and Tzeng, Hong-Long and Chen, Sharon and Wu, Jay and Chen, Tzong-Jer},
  journal={computerized medical imaging and graphics},
  volume={30},
  number={1},
  pages={9--15},
  year={2006},
  publisher={Elsevier}
}

@article{chaira2010intuitionistic,
  title={Intuitionistic fuzzy segmentation of medical images},
  author={Chaira, Tamalika},
  journal={Biomedical Engineering, IEEE Transactions on},
  volume={57},
  number={6},
  pages={1430--1436},
  year={2010},
  publisher={IEEE}
}

@book{bankman2008handbook,
  title={Handbook of medical image processing and analysis},
  author={Bankman, Isaac},
  year={2008},
  publisher={Academic press}
}

@article{fu1981survey,
  title={A survey on image segmentation},
  author={Fu, King-Sun and Mui, JK},
  journal={Pattern recognition},
  volume={13},
  number={1},
  pages={3--16},
  year={1981},
  publisher={Elsevier}
}

@inproceedings{deng2010mri,
  title={MRI brain tumor segmentation with region growing method based on the gradients and variances along and inside of the boundary curve},
  author={Deng, Wankai and Xiao, Wei and Deng, He and Liu, Jianguo},
  booktitle={Biomedical Engineering and Informatics (BMEI), 2010 3rd International Conference on},
  volume={1},
  pages={393--396},
  year={2010},
  organization={IEEE}
}

@incollection{yi2009discriminative,
  title={Discriminative, semantic segmentation of brain tissue in MR images},
  author={Yi, Zhao and Criminisi, Antonio and Shotton, Jamie and Blake, Andrew},
  booktitle={Medical Image Computing and Computer-Assisted Intervention--MICCAI 2009},
  pages={558--565},
  year={2009},
  publisher={Springer}
}

@inproceedings{corona2013information,
  title={An information theoretic approach to automated medical image segmentation},
  author={Corona, Enrique and Hill, Jason E and Nutter, Brian and Mitra, Sunanda},
  booktitle={SPIE Medical Imaging},
  pages={86693Q--86693Q},
  year={2013},
  organization={International Society for Optics and Photonics}
}

@article{qian2013active,
  title={An active contour model for medical image segmentation with application to brain CT image},
  author={Qian, Xiaohua and Wang, Jiahui and Guo, Shuxu and Li, Qiang},
  journal={Medical physics},
  volume={40},
  pages={021911},
  year={2013}
}

@incollection{chen2010comparison,
  title={Comparison of multispectral image processing techniques to brain MR image classification between fuzzy C-mean method and geodesic active contours of Caselles level set method},
  author={Chen, Yen-Sheng and Chen, Shao-Hsien and Chang, Chun-Chih},
  booktitle={Computational Collective Intelligence. Technologies and Applications},
  pages={491--498},
  year={2010},
  publisher={Springer}
}

@article{shyu2012global,
  title={Global and local fuzzy energy-based active contours for image segmentation},
  author={Shyu, Kuo-Kai and Pham, Van-Truong and Tran, Thi-Thao and Lee, Po-Lei},
  journal={Nonlinear Dynamics},
  volume={67},
  number={2},
  pages={1559--1578},
  year={2012},
  publisher={Springer}
}