% This file was created with JabRef 2.10.
% Encoding: UTF-8


@Article{ahmed2008segmentation,
  Title                    = {Segmentation of brain MR images for tumor extraction by combining kmeans clustering and perona-malik anisotropic diffusion model},
  Author                   = {Ahmed, M Masroor and Mohamad, Dzulkifli Bin},
  Journal                  = {International Journal of Image Processing},
  Year                     = {2008},
  Number                   = {1},
  Pages                    = {27--34},
  Volume                   = {2}
}

@Article{anbeek2008automated,
  Title                    = {Automated MS-lesion segmentation by k-nearest neighbor classification},
  Author                   = {Anbeek, Petronella and Vincken, Koen L and Viergever, Max A},
  Journal                  = {MIDAS Journal},
  Year                     = {2008},

  File                     = {anbeek2008automated.pdf:anbeek2008automated.pdf:PDF},
  Keywords                 = {KNN, supervised}
}

@Article{arya1998optimal,
  Title                    = {An optimal algorithm for approximate nearest neighbor searching fixed dimensions},
  Author                   = {Arya, Sunil and Mount, David M and Netanyahu, Nathan S and Silverman, Ruth and Wu, Angela Y},
  Journal                  = {Journal of the ACM (JACM)},
  Year                     = {1998},
  Number                   = {6},
  Pages                    = {891--923},
  Volume                   = {45},

  File                     = {:03 AMNSW - JACM.pdf:PDF},
  Keywords                 = {KNN},
  Publisher                = {ACM}
}

@Article{ayer2010breast,
  Title                    = {Breast cancer risk estimation with artificial neural networks revisited},
  Author                   = {Ayer, Turgay and Alagoz, Oguzhan and Chhatwal, Jagpreet and Shavlik, Jude W and Kahn, Charles E and Burnside, Elizabeth S},
  Journal                  = {Cancer},
  Year                     = {2010},
  Number                   = {14},
  Pages                    = {3310--3321},
  Volume                   = {116},

  Publisher                = {Wiley Online Library}
}

@Misc{barghout2003perceptual,
  Title                    = {Perceptual information processing system},

  Author                   = {Barghout, Lauren and Lee, Lawrence},
  Year                     = {2003},

  Publisher                = {Google Patents}
}

@Article{bezdek1984fcm,
  Title                    = {FCM: The fuzzy< i> c</i>-means clustering algorithm},
  Author                   = {Bezdek, James C and Ehrlich, Robert and Full, William},
  Journal                  = {Computers \& Geosciences},
  Year                     = {1984},
  Number                   = {2},
  Pages                    = {191--203},
  Volume                   = {10},

  Publisher                = {Elsevier}
}

@Article{bins1996satellite,
  Title                    = {Satellite imagery segmentation: a region growing approach},
  Author                   = {Bins, L Santâ€™anna and Fonseca, Leila M Garcia and Erthal, Guaraci Jos{\'e} and Ii, F Mitsuo},
  Journal                  = {Simp{\'o}sio Brasileiro de Sensoriamento Remoto},
  Year                     = {1996},
  Pages                    = {677--680},
  Volume                   = {8},

  Keywords                 = {Region growing},
  Publisher                = {Imagem Multimidia, S{\~a}o Paulo. Proceedings, CD Salvador, Bahia, Brazil}
}

@Article{cabezas2011review,
  Title                    = {A review of atlas-based segmentation for magnetic resonance brain images},
  Author                   = {Cabezas, Mariano and Oliver, Arnau and Llad{\'o}, Xavier and Freixenet, Jordi and Bach Cuadra, Meritxell},
  Journal                  = {Computer methods and programs in biomedicine},
  Year                     = {2011},
  Number                   = {3},
  Pages                    = {e158--e177},
  Volume                   = {104},

  Keywords                 = {Atlas},
  Publisher                = {Elsevier}
}

@Article{caldairou2011non,
  Title                    = {A non-local fuzzy segmentation method: application to brain MRI},
  Author                   = {Caldairou, Beno{\'\i}t and Passat, Nicolas and Habas, Piotr A and Studholme, Colin and Rousseau, Fran{\c{c}}ois},
  Journal                  = {Pattern Recognition},
  Year                     = {2011},
  Number                   = {9},
  Pages                    = {1916--1927},
  Volume                   = {44},

  Publisher                = {Elsevier}
}

@Article{chuang2006fuzzy,
  Title                    = {Fuzzy c-means clustering with spatial information for image segmentation},
  Author                   = {Chuang, Keh-Shih and Tzeng, Hong-Long and Chen, Sharon and Wu, Jay and Chen, Tzong-Jer},
  Journal                  = {computerized medical imaging and graphics},
  Year                     = {2006},
  Number                   = {1},
  Pages                    = {9--15},
  Volume                   = {30},

  Publisher                = {Elsevier}
}

@Article{clarke1995mri,
  Title                    = {MRI segmentation: methods and applications},
  Author                   = {Clarke, LP and Velthuizen, RP and Camacho, MA and Heine, JJ and Vaidyanathan, M and Hall, LO and Thatcher, RW and Silbiger, ML},
  Journal                  = {Magnetic resonance imaging},
  Year                     = {1995},
  Number                   = {3},
  Pages                    = {343--368},
  Volume                   = {13},

  File                     = {:MRI 1995 Review MR Segmentation.pdf:PDF},
  Publisher                = {Elsevier}
}

@Article{cohen1991active,
  Title                    = {On active contour models and balloons},
  Author                   = {Cohen, Laurent D},
  Journal                  = {CVGIP: Image understanding},
  Year                     = {1991},
  Number                   = {2},
  Pages                    = {211--218},
  Volume                   = {53},

  Publisher                = {Elsevier}
}

@Article{cohen1993finite,
  Title                    = {Finite-element methods for active contour models and balloons for 2-D and 3-D images},
  Author                   = {Cohen, Laurent D and Cohen, Isaac},
  Journal                  = {Pattern Analysis and Machine Intelligence, IEEE Transactions on},
  Year                     = {1993},
  Number                   = {11},
  Pages                    = {1131--1147},
  Volume                   = {15},

  File                     = {cohen1993finite.pdf:cohen1993finite.pdf:PDF},
  Publisher                = {IEEE}
}

@Article{cortes1995support,
  Title                    = {Support-vector networks},
  Author                   = {Cortes, Corinna and Vapnik, Vladimir},
  Journal                  = {Machine learning},
  Year                     = {1995},
  Number                   = {3},
  Pages                    = {273--297},
  Volume                   = {20},

  File                     = {:cortes_vapnik95.pdf:PDF},
  Keywords                 = {SVM},
  Publisher                = {Springer}
}

@Article{cuadra2004atlas,
  Title                    = {Atlas-based segmentation of pathological MR brain images using a model of lesion growth},
  Author                   = {Cuadra, Meritxell Bach and Pollo, Claudio and Bardera, Anton and Cuisenaire, Olivier and Villemure, J-G and Thiran, J},
  Journal                  = {Medical Imaging, IEEE Transactions on},
  Year                     = {2004},
  Number                   = {10},
  Pages                    = {1301--1314},
  Volume                   = {23},

  File                     = {cuadra2004atlas.pdf:cuadra2004atlas.pdf:PDF},
  Publisher                = {IEEE}
}

@Article{dalmiya2012application,
  Title                    = {Application of Wavelet based K-means Algorithm in Mammogram Segmentation},
  Author                   = {Dalmiya, Shruti and Dasgupta, Avijit and Datta, Soumya Kanti},
  Journal                  = {International Journal of Computer Applications},
  Year                     = {2012},
  Number                   = {15},
  Pages                    = {15--19},
  Volume                   = {52},

  Publisher                = {Foundation of Computer Science, 244 5 th Avenue,\# 1526, New York, NY 10001, USA India}
}

@Article{dayhoff2001artificial,
  Title                    = {Artificial neural networks},
  Author                   = {Dayhoff, Judith E and DeLeo, James M},
  Journal                  = {Cancer},
  Year                     = {2001},
  Number                   = {S8},
  Pages                    = {1615--1635},
  Volume                   = {91},

  File                     = {dayhoff2001artificial.pdf:dayhoff2001artificial.pdf:PDF},
  Keywords                 = {ANN},
  Publisher                = {Wiley Online Library}
}

@Article{dehmeshki2008segmentation,
  Title                    = {Segmentation of pulmonary nodules in thoracic CT scans: a region growing approach},
  Author                   = {Dehmeshki, Jamshid and Amin, D and Valdivieso, Manlio and Ye, Xujiong},
  Journal                  = {Medical Imaging, IEEE Transactions on},
  Year                     = {2008},
  Number                   = {4},
  Pages                    = {467--480},
  Volume                   = {27},

  Keywords                 = {Region growing, nodulos pulmonares},
  Publisher                = {IEEE}
}

@Book{dougherty2009digital,
  Title                    = {Digital image processing for medical applications},
  Author                   = {Dougherty, Geoff},
  Publisher                = {Cambridge University Press},
  Year                     = {2009},

  File                     = {:Dougherty G. Digital image processing for medical applications (CUP, 2009)(ISBN 0521860857)(485s)_CsIp_.pdf:PDF}
}

@Article{dunn1973fuzzy,
  Title                    = {A fuzzy relative of the ISODATA process and its use in detecting compact well-separated clusters},
  Author                   = {Dunn, Joseph C},
  Year                     = {1973},

  Publisher                = {Taylor \& Francis}
}

@Article{el2002support,
  Title                    = {A support vector machine approach for detection of microcalcifications},
  Author                   = {El-Naqa, Issam and Yang, Yongyi and Wernick, Miles N and Galatsanos, Nikolas P and Nishikawa, Robert M},
  Journal                  = {Medical Imaging, IEEE Transactions on},
  Year                     = {2002},
  Number                   = {12},
  Pages                    = {1552--1563},
  Volume                   = {21},

  Publisher                = {IEEE}
}

@InProceedings{fang2009tetrahedral,
  Title                    = {Tetrahedral mesh generation from volumetric binary and grayscale images},
  Author                   = {Fang, Qianqian and Boas, David A},
  Booktitle                = {Biomedical Imaging: From Nano to Macro, 2009. ISBI'09. IEEE International Symposium on},
  Year                     = {2009},
  Organization             = {IEEE},
  Pages                    = {1142--1145},

  File                     = {:iso2mesh doc.pdf:PDF}
}

@InCollection{freixenet2002yet,
  Title                    = {Yet another survey on image segmentation: Region and boundary information integration},
  Author                   = {Freixenet, Jordi and Mu{\~n}oz, Xavier and Raba, David and Mart{\'\i}, Joan and Cuf{\'\i}, Xavier},
  Booktitle                = {Computer Visionâ€”ECCV 2002},
  Publisher                = {Springer},
  Year                     = {2002},
  Pages                    = {408--422},

  File                     = {freixenet2002yet.pdf:freixenet2002yet.pdf:PDF}
}

@Article{full1982fuzzy,
  Title                    = {FUZZY QMODELâ€”A new approach for linear unmixing},
  Author                   = {Full, William E and Ehrlich, Robert and Bezdek, James C},
  Journal                  = {Journal of the International Association for Mathematical Geology},
  Year                     = {1982},
  Number                   = {3},
  Pages                    = {259--270},
  Volume                   = {14},

  Publisher                = {Springer}
}

@Article{furey2000support,
  Title                    = {Support vector machine classification and validation of cancer tissue samples using microarray expression data},
  Author                   = {Furey, Terrence S and Cristianini, Nello and Duffy, Nigel and Bednarski, David W and Schummer, Michel and Haussler, David},
  Journal                  = {Bioinformatics},
  Year                     = {2000},
  Number                   = {10},
  Pages                    = {906--914},
  Volume                   = {16},

  File                     = {furey2000support.pdf:furey2000support.pdf:PDF},
  Publisher                = {Oxford Univ Press}
}

@Book{gonzalez2004digital,
  Title                    = {Digital image processing using MATLAB},
  Author                   = {Gonzalez, Rafael C and Woods, Richard Eugene and Eddins, Steven L},
  Publisher                = {Pearson Education India},
  Year                     = {2004}
}

@InProceedings{gubern2009atlas,
  Title                    = {Atlas based segmentation of the prostate in MR images},
  Author                   = {Gubern-Merida, Albert and Marti, Robert},
  Booktitle                = {MICCAI: Segmentation Challenge Workshop},
  Year                     = {2009},

  File                     = {gubern2009atlas.pdf:gubern2009atlas.pdf:PDF},
  Keywords                 = {Atlas}
}

@Article{haralick1985image,
  Title                    = {Image segmentation techniques},
  Author                   = {Haralick, Robert M and Shapiro, Linda G},
  Journal                  = {Computer vision, graphics, and image processing},
  Year                     = {1985},
  Number                   = {1},
  Pages                    = {100--132},
  Volume                   = {29},

  Keywords                 = {Region growing},
  Publisher                = {Elsevier}
}

@Article{he2008comparative,
  Title                    = {A comparative study of deformable contour methods on medical image segmentation},
  Author                   = {He, Lei and Peng, Zhigang and Everding, Bryan and Wang, Xun and Han, Chia Y and Weiss, Kenneth L and Wee, William G},
  Journal                  = {Image and Vision Computing},
  Year                     = {2008},
  Number                   = {2},
  Pages                    = {141--163},
  Volume                   = {26},

  Keywords                 = {Snakes},
  Publisher                = {Elsevier}
}

@Article{hearst1998support,
  Title                    = {Support vector machines},
  Author                   = {Hearst, Marti A. and Dumais, ST and Osman, E and Platt, John and Scholkopf, Bernhard},
  Journal                  = {Intelligent Systems and their Applications, IEEE},
  Year                     = {1998},
  Number                   = {4},
  Pages                    = {18--28},
  Volume                   = {13},

  Keywords                 = {SVM},
  Publisher                = {IEEE}
}

@Article{jafari2003multiwavelet,
  Title                    = {Multiwavelet grading of pathological images of prostate},
  Author                   = {Jafari-Khouzani, Kourosh and Soltanian-Zadeh, Hamid},
  Journal                  = {Biomedical Engineering, IEEE Transactions on},
  Year                     = {2003},
  Number                   = {6},
  Pages                    = {697--704},
  Volume                   = {50},

  Publisher                = {IEEE}
}

@Article{jain2000statistical,
  Title                    = {Statistical pattern recognition: A review},
  Author                   = {Jain, Anil K and Duin, Robert P. W. and Mao, Jianchang},
  Journal                  = {Pattern Analysis and Machine Intelligence, IEEE Transactions on},
  Year                     = {2000},
  Number                   = {1},
  Pages                    = {4--37},
  Volume                   = {22},

  Keywords                 = {Clustering, unsupervised},
  Publisher                = {IEEE}
}

@Article{jain1999data,
  Title                    = {Data clustering: a review},
  Author                   = {Jain, Anil K and Murty, M Narasimha and Flynn, Patrick J},
  Journal                  = {ACM computing surveys (CSUR)},
  Year                     = {1999},
  Number                   = {3},
  Pages                    = {264--323},
  Volume                   = {31},

  Publisher                = {Acm}
}

@Book{joachims1998text,
  Title                    = {Text categorization with support vector machines: Learning with many relevant features},
  Author                   = {Joachims, Thorsten},
  Publisher                = {Springer},
  Year                     = {1998},

  Keywords                 = {SVM}
}

@Article{juang2010mri,
  Title                    = {MRI brain lesion image detection based on color-converted K-means clustering segmentation},
  Author                   = {Juang, Li-Hong and Wu, Ming-Ni},
  Journal                  = {Measurement},
  Year                     = {2010},
  Number                   = {7},
  Pages                    = {941--949},
  Volume                   = {43},

  Publisher                = {Elsevier}
}

@InCollection{juntu2005bias,
  Title                    = {Bias field correction for mri images},
  Author                   = {Juntu, Jaber and Sijbers, Jan and Van Dyck, Dirk and Gielen, Jan},
  Booktitle                = {Computer Recognition Systems},
  Publisher                = {Springer},
  Year                     = {2005},
  Pages                    = {543--551}
}

@Article{kalinic2009atlas,
  Title                    = {Atlas-based image segmentation: A Survey},
  Author                   = {Kalinic, Hrvoje},
  Journal                  = {Croatian Scientific Bibliography},
  Year                     = {2009},

  File                     = {kalinic2009atlas.pdf:kalinic2009atlas.pdf:PDF},
  Keywords                 = {Atlas}
}

@Article{kass1988snakes,
  Title                    = {Snakes: Active contour models},
  Author                   = {Kass, Michael and Witkin, Andrew and Terzopoulos, Demetri},
  Journal                  = {International journal of computer vision},
  Year                     = {1988},
  Number                   = {4},
  Pages                    = {321--331},
  Volume                   = {1},

  File                     = {kass1988snakes.pdf:kass1988snakes.pdf:PDF},
  Publisher                = {Springer}
}

@InProceedings{klein2007segmentation,
  Title                    = {Segmentation of the prostate in MR images by atlas matching},
  Author                   = {Klein, Stefan and van der Heide, Uulke A and Raaymakers, Bas W and Kotte, Alexis NTJ and Staring, Marius and Pluim, Josien PW},
  Booktitle                = {Biomedical Imaging: From Nano to Macro, 2007. ISBI 2007. 4th IEEE International Symposium on},
  Year                     = {2007},
  Organization             = {IEEE},
  Pages                    = {1300--1303},

  Keywords                 = {Atlas}
}

@Article{lawes2008atlas,
  Title                    = {Atlas-based segmentation of white matter tracts of the human brain using diffusion tensor tractography and comparison with classical dissection},
  Author                   = {Lawes, I Nigel C and Barrick, Thomas R and Murugam, Vengadasalam and Spierings, Natalia and Evans, David R and Song, Marie and Clark, Chris A},
  Journal                  = {Neuroimage},
  Year                     = {2008},
  Number                   = {1},
  Pages                    = {62--79},
  Volume                   = {39},

  Keywords                 = {Atlas, cerebro, materia blanca},
  Publisher                = {Elsevier}
}

@Article{lee1998unsupervised,
  Title                    = {Unsupervised connectivity-based thresholding segmentation of midsagittal brain MR images},
  Author                   = {Lee, Chulhee and Huh, Shin and Ketter, Terence A and Unser, Michael},
  Journal                  = {Computers in biology and medicine},
  Year                     = {1998},
  Number                   = {3},
  Pages                    = {309--338},
  Volume                   = {28},

  Keywords                 = {Umbralado},
  Publisher                = {Elsevier}
}

@InCollection{lee2005segmenting,
  Title                    = {Segmenting brain tumors with conditional random fields and support vector machines},
  Author                   = {Lee, Chi-Hoon and Schmidt, Mark and Murtha, Albert and Bistritz, Aalo and Sander, J{\o}erg and Greiner, Russell},
  Booktitle                = {Computer vision for biomedical image applications},
  Publisher                = {Springer},
  Year                     = {2005},
  Pages                    = {469--478}
}

@Article{leibe2008robust,
  Title                    = {Robust object detection with interleaved categorization and segmentation},
  Author                   = {Leibe, Bastian and Leonardis, Ale{\v{s}} and Schiele, Bernt},
  Journal                  = {International journal of computer vision},
  Year                     = {2008},
  Number                   = {1-3},
  Pages                    = {259--289},
  Volume                   = {77},

  Publisher                = {Springer}
}

@Article{li2012using,
  Title                    = {Using the k-nearest neighbor algorithm for the classification of lymph node metastasis in gastric cancer},
  Author                   = {Li, Chao and Zhang, Shuheng and Zhang, Huan and Pang, Lifang and Lam, Kinman and Hui, Chun and Zhang, Su},
  Journal                  = {Computational and mathematical methods in medicine},
  Year                     = {2012},
  Volume                   = {2012},

  Publisher                = {Hindawi Publishing Corporation}
}

@InProceedings{macqueen1967some,
  Title                    = {Some methods for classification and analysis of multivariate observations},
  Author                   = {MacQueen, James and others},
  Booktitle                = {Proceedings of the fifth Berkeley symposium on mathematical statistics and probability},
  Year                     = {1967},
  Number                   = {281-297},
  Organization             = {California, USA},
  Pages                    = {14},
  Volume                   = {1},

  File                     = {:kMeans.pdf:PDF},
  Keywords                 = {K-means}
}

@Article{maglogiannis2004characterization,
  Title                    = {Characterization of digital medical images utilizing support vector machines},
  Author                   = {Maglogiannis, Ilias G and Zafiropoulos, Elias P},
  Journal                  = {BMC Medical Informatics and Decision Making},
  Year                     = {2004},
  Number                   = {1},
  Pages                    = {4},
  Volume                   = {4},

  Publisher                = {BioMed Central Ltd}
}

@InProceedings{mancas2005segmentation,
  Title                    = {Segmentation using a region-growing thresholding},
  Author                   = {Mancas, Matei and Gosselin, Bernard and Macq, Benoit},
  Booktitle                = {Electronic Imaging 2005},
  Year                     = {2005},
  Organization             = {International Society for Optics and Photonics},
  Pages                    = {388--398},

  Keywords                 = {Region growing, spine}
}

@Article{martin2010automated,
  Title                    = {Automated segmentation of the prostate in 3D MR images using a probabilistic atlas and a spatially constrained deformable model},
  Author                   = {Martin, S{\'e}bastien and Troccaz, Jocelyne and Daanen, Vincent},
  Journal                  = {Medical physics},
  Year                     = {2010},
  Number                   = {4},
  Pages                    = {1579--1590},
  Volume                   = {37},

  Keywords                 = {Atlas, prostata},
  Publisher                = {American Association of Physicists in Medicine}
}

@Article{mcinemey1999topology,
  Title                    = {Topology adaptive deformable surfaces for medical image volume segmentation},
  Author                   = {McInemey, T and Terzopoulos, Demetri},
  Journal                  = {Medical Imaging, IEEE Transactions on},
  Year                     = {1999},
  Number                   = {10},
  Pages                    = {840--850},
  Volume                   = {18},

  Publisher                = {IEEE}
}

@Article{morra2010comparison,
  Title                    = {Comparison of AdaBoost and support vector machines for detecting Alzheimer's disease through automated hippocampal segmentation},
  Author                   = {Morra, Jonathan H and Tu, Zhuowen and Apostolova, Liana G and Green, Amity E and Toga, Arthur W and Thompson, Paul M},
  Journal                  = {Medical Imaging, IEEE Transactions on},
  Year                     = {2010},
  Number                   = {1},
  Pages                    = {30--43},
  Volume                   = {29},

  Keywords                 = {AdaBoost, SVM, supervised},
  Publisher                = {IEEE}
}

@Article{mustafa2012comparison,
  Title                    = {Comparison between KNN and ANN classification in brain balancing application via spectrogram image},
  Author                   = {Mustafa, Mahfuzah and Taib, MN and Murat, ZH and Sulaiman, N},
  Journal                  = {J. Comput. Sci. Comput. Math},
  Year                     = {2012},
  Pages                    = {17--22},
  Volume                   = {4},

  File                     = {:JCSCM59171368.pdf:PDF}
}

@Article{nagsemi,
  Title                    = {Semi automatic detection of epilepsy from T2 weighted MR images by using atlas based segmentation of brain structure},
  Author                   = {Nag, Manas Kumar and Devakumar, D and Jeeva, JB},

  Keywords                 = {Atlas, cerebro, brain, epilepsia}
}

@Book{novelline2004squire,
  Title                    = {Squire's fundamentals of radiology},
  Author                   = {Novelline, Robert A and Squire, Lucy Frank},
  Publisher                = {La Editorial, UPR},
  Year                     = {2004}
}

@Article{pal1993review,
  Title                    = {A review on image segmentation techniques},
  Author                   = {Pal, Nikhil R and Pal, Sankar K},
  Journal                  = {Pattern recognition},
  Year                     = {1993},
  Number                   = {9},
  Pages                    = {1277--1294},
  Volume                   = {26},

  Publisher                = {Elsevier}
}

@Article{pham2000current,
  Title                    = {Current methods in medical image segmentation 1},
  Author                   = {Pham, Dzung L and Xu, Chenyang and Prince, Jerry L},
  Journal                  = {Annual review of biomedical engineering},
  Year                     = {2000},
  Number                   = {1},
  Pages                    = {315--337},
  Volume                   = {2},

  Keywords                 = {Segmentacion},
  Publisher                = {Annual Reviews 4139 El Camino Way, PO Box 10139, Palo Alto, CA 94303-0139, USA}
}

@Book{prince2006medical,
  Title                    = {Medical imaging signals and systems},
  Author                   = {Prince, Jerry L and Links, Jonathan M},
  Publisher                = {Pearson Prentice Hall Upper Saddle River, NJ},
  Year                     = {2006}
}

@Article{reddick1997automated,
  Title                    = {Automated segmentation and classification of multispectral magnetic resonance images of brain using artificial neural networks},
  Author                   = {Reddick, Wilburn E and Glass, John O and Cook, Edwin N and Elkin, T David and Deaton, Russell J},
  Journal                  = {Medical Imaging, IEEE Transactions on},
  Year                     = {1997},
  Number                   = {6},
  Pages                    = {911--918},
  Volume                   = {16},

  Publisher                = {IEEE}
}

@Article{sahoo1988survey,
  Title                    = {A survey of thresholding techniques},
  Author                   = {Sahoo, Prasanna K and Soltani, SAKC and Wong, AKC},
  Journal                  = {Computer vision, graphics, and image processing},
  Year                     = {1988},
  Number                   = {2},
  Pages                    = {233--260},
  Volume                   = {41},

  Keywords                 = {Umbralado},
  Publisher                = {Elsevier}
}

@Book{scholkopf1999advances,
  Title                    = {Advances in kernel methods: support vector learning},
  Author                   = {Sch{\"o}lkopf, Bernhard and Burges, Christopher JC and Smola, Alexander J},
  Publisher                = {MIT press},
  Year                     = {1999}
}

@Article{Sharma2010,
  Title                    = {Automated medical image segmentation techniques},
  Author                   = {Sharma, Neeraj and Aggarwal, Lalit M},
  Journal                  = {Journal of medical physics/Association of Medical Physicists of India},
  Year                     = {2010},
  Number                   = {1},
  Pages                    = {3},
  Volume                   = {35},

  Publisher                = {Medknow Publications},
  Url                      = {http://www.ncbi.nlm.nih.gov/pmc/articles/PMC2825001/}
}

@Article{sharma2010automated,
  Title                    = {Automated medical image segmentation techniques},
  Author                   = {Sharma, Neeraj and Aggarwal, Lalit M},
  Journal                  = {Journal of medical physics/Association of Medical Physicists of India},
  Year                     = {2010},
  Number                   = {1},
  Pages                    = {3},
  Volume                   = {35},

  Publisher                = {Medknow Publications}
}

@Article{suykens1999least,
  Title                    = {Least squares support vector machine classifiers},
  Author                   = {Suykens, Johan AK and Vandewalle, Joos},
  Journal                  = {Neural processing letters},
  Year                     = {1999},
  Number                   = {3},
  Pages                    = {293--300},
  Volume                   = {9},

  Publisher                = {Springer}
}

@InProceedings{taher2011lung,
  Title                    = {Lung cancer detection by using artificial neural network and fuzzy clustering methods},
  Author                   = {Taher, Fatma and Sammouda, Rachid},
  Booktitle                = {GCC Conference and Exhibition (GCC), 2011 IEEE},
  Year                     = {2011},
  Organization             = {IEEE},
  Pages                    = {295--298}
}

@Article{weszka1978survey,
  Title                    = {A survey of threshold selection techniques},
  Author                   = {Weszka, Joan S},
  Journal                  = {Computer Graphics and Image Processing},
  Year                     = {1978},
  Number                   = {2},
  Pages                    = {259--265},
  Volume                   = {7},

  Keywords                 = {Umbralado},
  Publisher                = {Elsevier}
}

@InProceedings{withey2007medical,
  Title                    = {Medical image segmentation: Methods and software},
  Author                   = {Withey, DJ and Koles, ZJ},
  Booktitle                = {Noninvasive Functional Source Imaging of the Brain and Heart and the International Conference on Functional Biomedical Imaging, 2007. NFSI-ICFBI 2007. Joint Meeting of the 6th International Symposium on},
  Year                     = {2007},
  Organization             = {IEEE},
  Pages                    = {140--143}
}

@Article{withey2007three,
  Title                    = {Three generations of medical image segmentation: Methods and available software},
  Author                   = {Withey, DJ and Koles, ZJ},
  Journal                  = {Int J Bioelectromag},
  Year                     = {2007},
  Pages                    = {67--68},
  Volume                   = {9}
}

@Article{wu2007segmentation,
  Title                    = {A segmentation model using compound Markov random fields based on a boundary model},
  Author                   = {Wu, Jue and Chung, Albert CS},
  Journal                  = {Image Processing, IEEE Transactions on},
  Year                     = {2007},
  Number                   = {1},
  Pages                    = {241--252},
  Volume                   = {16},

  Keywords                 = {MRF, brain},
  Publisher                = {IEEE}
}

@Article{wu1993artificial,
  Title                    = {Artificial neural networks in mammography: application to decision making in the diagnosis of breast cancer.},
  Author                   = {Wu, Yuzheng and Giger, Maryellen L and Doi, Kunio and Vyborny, Carl J and Schmidt, Robert A and Metz, Charles E},
  Journal                  = {Radiology},
  Year                     = {1993},
  Number                   = {1},
  Pages                    = {81--87},
  Volume                   = {187}
}

@Article{yang2005fuzzy,
  Title                    = {Fuzzy C-means clustering algorithm with a novel penalty term for image segmentation},
  Author                   = {Yang, Yong and Zheng, Chongxun and Lin, Pan},
  Journal                  = {Optoelectronics Review},
  Year                     = {2005},
  Number                   = {4},
  Pages                    = {309},
  Volume                   = {13},

  Publisher                = {SIGMA NOT LTD}
}

@Article{zadeh1965fuzzy,
  Title                    = {Fuzzy sets},
  Author                   = {Zadeh, Lotfi A},
  Journal                  = {Information and control},
  Year                     = {1965},
  Number                   = {3},
  Pages                    = {338--353},
  Volume                   = {8},

  Publisher                = {Elsevier}
}

@Article{zhang2008image,
  Title                    = {Image segmentation evaluation: A survey of unsupervised methods},
  Author                   = {Zhang, Hui and Fritts, Jason E and Goldman, Sally A},
  Journal                  = {computer vision and image understanding},
  Year                     = {2008},
  Number                   = {2},
  Pages                    = {260--280},
  Volume                   = {110},

  Keywords                 = {Unsupervised},
  Publisher                = {Elsevier}
}

@Article{zhang2010fast,
  Title                    = {Fast segmentation of bone in CT images using 3D adaptive thresholding},
  Author                   = {Zhang, Jing and Yan, C-H and Chui, C-K and Ong, S-H},
  Journal                  = {Computers in biology and medicine},
  Year                     = {2010},
  Number                   = {2},
  Pages                    = {231--236},
  Volume                   = {40},

  Publisher                = {Elsevier}
}

@Article{zhao2003face,
  Title                    = {Face recognition: A literature survey},
  Author                   = {Zhao, Wenyi and Chellappa, Rama and Phillips, P Jonathon and Rosenfeld, Azriel},
  Journal                  = {Acm Computing Surveys (CSUR)},
  Year                     = {2003},
  Number                   = {4},
  Pages                    = {399--458},
  Volume                   = {35},

  Publisher                = {ACM}
}

@Article{,
  Owner                    = {cescuderol},
  Timestamp                = {2014.09.27}
}

