@article{pham2000current,
  title={Current methods in medical image segmentation 1},
  author={Pham, Dzung L and Xu, Chenyang and Prince, Jerry L},
  journal={Annual review of biomedical engineering},
  volume={2},
  number={1},
  pages={315--337},
  year={2000},
  publisher={Annual Reviews 4139 El Camino Way, PO Box 10139, Palo Alto, CA 94303-0139, USA}
}

@inproceedings{lorensen1987marching,
  title={Marching cubes: A high resolution 3D surface construction algorithm},
  author={Lorensen, William E and Cline, Harvey E},
  booktitle={ACM Siggraph Computer Graphics},
  volume={21},
  number={4},
  pages={163--169},
  year={1987},
  organization={ACM}
}

@article{del2009combined,
  title={A combined region growing and deformable model method for extraction of closed surfaces in 3D CT and MRI scans},
  author={Del Fresno, M and V{\'e}nere, M and Clausse, A and others},
  journal={Computerized Medical Imaging and Graphics},
  volume={33},
  number={5},
  pages={369},
  year={2009}
}

@article{mcinemey1999topology,
  title={Topology adaptive deformable surfaces for medical image volume segmentation},
  author={McInemey, T and Terzopoulos, Demetri},
  journal={Medical Imaging, IEEE Transactions on},
  volume={18},
  number={10},
  pages={840--850},
  year={1999},
  publisher={IEEE}
}

@article{li2011integrating,
  title={Integrating spatial fuzzy clustering with level set methods for automated medical image segmentation},
  author={Li, Bing Nan and Chui, Chee Kong and Chang, Stephen and Ong, SH},
  journal={Computers in Biology and Medicine},
  volume={41},
  number={1},
  pages={1--10},
  year={2011},
  publisher={Elsevier}
}

@article{chuang2006fuzzy,
  title={Fuzzy c-means clustering with spatial information for image segmentation},
  author={Chuang, Keh-Shih and Tzeng, Hong-Long and Chen, Sharon and Wu, Jay and Chen, Tzong-Jer},
  journal={computerized medical imaging and graphics},
  volume={30},
  number={1},
  pages={9--15},
  year={2006},
  publisher={Elsevier}
}

@article{chaira2010intuitionistic,
  title={Intuitionistic fuzzy segmentation of medical images},
  author={Chaira, Tamalika},
  journal={Biomedical Engineering, IEEE Transactions on},
  volume={57},
  number={6},
  pages={1430--1436},
  year={2010},
  publisher={IEEE}
}

@book{bankman2008handbook,
  title={Handbook of medical image processing and analysis},
  author={Bankman, Isaac},
  year={2008},
  publisher={Academic press}
}

@article{fu1981survey,
  title={A survey on image segmentation},
  author={Fu, King-Sun and Mui, JK},
  journal={Pattern recognition},
  volume={13},
  number={1},
  pages={3--16},
  year={1981},
  publisher={Elsevier}
}

@inproceedings{deng2010mri,
  title={MRI brain tumor segmentation with region growing method based on the gradients and variances along and inside of the boundary curve},
  author={Deng, Wankai and Xiao, Wei and Deng, He and Liu, Jianguo},
  booktitle={Biomedical Engineering and Informatics (BMEI), 2010 3rd International Conference on},
  volume={1},
  pages={393--396},
  year={2010},
  organization={IEEE}
}

@incollection{yi2009discriminative,
  title={Discriminative, semantic segmentation of brain tissue in MR images},
  author={Yi, Zhao and Criminisi, Antonio and Shotton, Jamie and Blake, Andrew},
  booktitle={Medical Image Computing and Computer-Assisted Intervention--MICCAI 2009},
  pages={558--565},
  year={2009},
  publisher={Springer}
}

@inproceedings{corona2013information,
  title={An information theoretic approach to automated medical image segmentation},
  author={Corona, Enrique and Hill, Jason E and Nutter, Brian and Mitra, Sunanda},
  booktitle={SPIE Medical Imaging},
  pages={86693Q--86693Q},
  year={2013},
  organization={International Society for Optics and Photonics}
}

@article{qian2013active,
  title={An active contour model for medical image segmentation with application to brain CT image},
  author={Qian, Xiaohua and Wang, Jiahui and Guo, Shuxu and Li, Qiang},
  journal={Medical physics},
  volume={40},
  pages={021911},
  year={2013}
}

@incollection{chen2010comparison,
  title={Comparison of multispectral image processing techniques to brain MR image classification between fuzzy C-mean method and geodesic active contours of Caselles level set method},
  author={Chen, Yen-Sheng and Chen, Shao-Hsien and Chang, Chun-Chih},
  booktitle={Computational Collective Intelligence. Technologies and Applications},
  pages={491--498},
  year={2010},
  publisher={Springer}
}

@article{shyu2012global,
  title={Global and local fuzzy energy-based active contours for image segmentation},
  author={Shyu, Kuo-Kai and Pham, Van-Truong and Tran, Thi-Thao and Lee, Po-Lei},
  journal={Nonlinear Dynamics},
  volume={67},
  number={2},
  pages={1559--1578},
  year={2012},
  publisher={Springer}
}

@article{zadeh1965fuzzy,
  title={Fuzzy sets},
  author={Zadeh, Lotfi A},
  journal={Information and control},
  volume={8},
  number={3},
  pages={338--353},
  year={1965},
  publisher={Elsevier}
}

@article{dunn1973fuzzy,
  title={A fuzzy relative of the ISODATA process and its use in detecting compact well-separated clusters},
  author={Dunn, Joseph C},
  year={1973},
  publisher={Taylor \& Francis}
}

@book{bezdek1981pattern,
  title={Pattern recognition with fuzzy objective function algorithms},
  author={Bezdek, James C},
  year={1981},
  publisher={Kluwer Academic Publishers}
}

@article{odeh1992soil,
  title={Soil pattern recognition with fuzzy-c-means: application to classification and soil-landform interrelationships},
  author={Odeh, IOA and Chittleborough, DJ and McBratney, AB},
  journal={Soil Science Society of America Journal},
  volume={56},
  number={2},
  pages={505--516},
  year={1992},
  publisher={Soil Science Society of America}
}

@article{bezdek1984fcm,
  title={FCM: The fuzzy< i> c</i>-means clustering algorithm},
  author={Bezdek, James C and Ehrlich, Robert and Full, William},
  journal={Computers \& Geosciences},
  volume={10},
  number={2},
  pages={191--203},
  year={1984},
  publisher={Elsevier}
}
@article{full1982fuzzy,
  title={FUZZY QMODEL - A new approach for linear unmixing},
  author={Full, William E and Ehrlich, Robert and Bezdek, James C},
  journal={Journal of the International Association for Mathematical Geology},
  volume={14},
  number={3},
  pages={259--270},
  year={1982},
  publisher={Springer}
}
@incollection{juntu2005bias,
  title={Bias field correction for mri images},
  author={Juntu, Jaber and Sijbers, Jan and Van Dyck, Dirk and Gielen, Jan},
  booktitle={Computer Recognition Systems},
  pages={543--551},
  year={2005},
  publisher={Springer}
}
@article{sharma2010automated,
  title={Automated medical image segmentation techniques},
  author={Sharma, Neeraj and Aggarwal, Lalit M},
  journal={Journal of medical physics/Association of Medical Physicists of India},
  volume={35},
  number={1},
  pages={3},
  year={2010},
  publisher={Medknow Publications}
}
@article{withey2007three,
  title={Three generations of medical image segmentation: Methods and available software},
  author={Withey, DJ and Koles, ZJ},
  journal={Int J Bioelectromag},
  volume={9},
  pages={67--68},
  year={2007}
}
@article{full1982fuzzy,
  title={FUZZY QMODELâ€”A new approach for linear unmixing},
  author={Full, William E and Ehrlich, Robert and Bezdek, James C},
  journal={Journal of the International Association for Mathematical Geology},
  volume={14},
  number={3},
  pages={259--270},
  year={1982},
  publisher={Springer}
}
@article{ahmed2008segmentation,
  title={Segmentation of brain MR images for tumor extraction by combining kmeans clustering and perona-malik anisotropic diffusion model},
  author={Ahmed, M Masroor and Mohamad, Dzulkifli Bin},
  journal={International Journal of Image Processing},
  volume={2},
  number={1},
  pages={27--34},
  year={2008}
}
@article{zhang2008image,
  title={Image segmentation evaluation: A survey of unsupervised methods},
  author={Zhang, Hui and Fritts, Jason E and Goldman, Sally A},
  journal={computer vision and image understanding},
  volume={110},
  number={2},
  pages={260--280},
  year={2008},
  publisher={Elsevier}
}
@misc{barghout2003perceptual,
  title={Perceptual information processing system},
  author={Barghout, Lauren and Lee, Lawrence},
  year={2003},
  publisher={Google Patents}
}
@inproceedings{withey2007medical,
  title={Medical image segmentation: Methods and software},
  author={Withey, DJ and Koles, ZJ},
  booktitle={Noninvasive Functional Source Imaging of the Brain and Heart and the International Conference on Functional Biomedical Imaging, 2007. NFSI-ICFBI 2007. Joint Meeting of the 6th International Symposium on},
  pages={140--143},
  year={2007},
  organization={IEEE}
}
@article{clarke1995mri,
  title={MRI segmentation: methods and applications},
  author={Clarke, LP and Velthuizen, RP and Camacho, MA and Heine, JJ and Vaidyanathan, M and Hall, LO and Thatcher, RW and Silbiger, ML},
  journal={Magnetic resonance imaging},
  volume={13},
  number={3},
  pages={343--368},
  year={1995},
  publisher={Elsevier}
}
@article{jain2000statistical,
  title={Statistical pattern recognition: A review},
  author={Jain, Anil K and Duin, Robert P. W. and Mao, Jianchang},
  journal={Pattern Analysis and Machine Intelligence, IEEE Transactions on},
  volume={22},
  number={1},
  pages={4--37},
  year={2000},
  publisher={IEEE}
}
@book{gonzalez2004digital,
  title={Digital image processing using MATLAB},
  author={Gonzalez, Rafael C and Woods, Richard Eugene and Eddins, Steven L},
  year={2004},
  publisher={Pearson Education India}
}
@article{zhao2003face,
  title={Face recognition: A literature survey},
  author={Zhao, Wenyi and Chellappa, Rama and Phillips, P Jonathon and Rosenfeld, Azriel},
  journal={Acm Computing Surveys (CSUR)},
  volume={35},
  number={4},
  pages={399--458},
  year={2003},
  publisher={ACM}
}
@article{leibe2008robust,
  title={Robust object detection with interleaved categorization and segmentation},
  author={Leibe, Bastian and Leonardis, Ale{\v{s}} and Schiele, Bernt},
  journal={International journal of computer vision},
  volume={77},
  number={1-3},
  pages={259--289},
  year={2008},
  publisher={Springer}
}
@article{bins1996satellite,
  title={Satellite imagery segmentation: a region growing approach},
  author={Bins, L Santâ€™anna and Fonseca, Leila M Garcia and Erthal, Guaraci Jos{\'e} and Ii, F Mitsuo},
  journal={Simp{\'o}sio Brasileiro de Sensoriamento Remoto},
  volume={8},
  pages={677--680},
  year={1996},
  publisher={Imagem Multimidia, S{\~a}o Paulo. Proceedings, CD Salvador, Bahia, Brazil}
}
@article{morra2010comparison,
  title={Comparison of AdaBoost and support vector machines for detecting Alzheimer's disease through automated hippocampal segmentation},
  author={Morra, Jonathan H and Tu, Zhuowen and Apostolova, Liana G and Green, Amity E and Toga, Arthur W and Thompson, Paul M},
  journal={Medical Imaging, IEEE Transactions on},
  volume={29},
  number={1},
  pages={30--43},
  year={2010},
  publisher={IEEE}
}
@article{anbeek2008automated,
  title={Automated MS-lesion segmentation by k-nearest neighbor classification},
  author={Anbeek, Petronella and Vincken, Koen L and Viergever, Max A},
  journal={MIDAS Journal},
  year={2008}
}
@incollection{lee2005segmenting,
  title={Segmenting brain tumors with conditional random fields and support vector machines},
  author={Lee, Chi-Hoon and Schmidt, Mark and Murtha, Albert and Bistritz, Aalo and Sander, J{\""o}erg and Greiner, Russell},
  booktitle={Computer vision for biomedical image applications},
  pages={469--478},
  year={2005},
  publisher={Springer}
}
@article{wu2007segmentation,
  title={A segmentation model using compound Markov random fields based on a boundary model},
  author={Wu, Jue and Chung, Albert CS},
  journal={Image Processing, IEEE Transactions on},
  volume={16},
  number={1},
  pages={241--252},
  year={2007},
  publisher={IEEE}
}
@inproceedings{mancas2005segmentation,
  title={Segmentation using a region-growing thresholding},
  author={Mancas, Matei and Gosselin, Bernard and Macq, Benoit},
  booktitle={Electronic Imaging 2005},
  pages={388--398},
  year={2005},
  organization={International Society for Optics and Photonics}
}
@article{dehmeshki2008segmentation,
  title={Segmentation of pulmonary nodules in thoracic CT scans: a region growing approach},
  author={Dehmeshki, Jamshid and Amin, D and Valdivieso, Manlio and Ye, Xujiong},
  journal={Medical Imaging, IEEE Transactions on},
  volume={27},
  number={4},
  pages={467--480},
  year={2008},
  publisher={IEEE}
}
@article{he2008comparative,
  title={A comparative study of deformable contour methods on medical image segmentation},
  author={He, Lei and Peng, Zhigang and Everding, Bryan and Wang, Xun and Han, Chia Y and Weiss, Kenneth L and Wee, William G},
  journal={Image and Vision Computing},
  volume={26},
  number={2},
  pages={141--163},
  year={2008},
  publisher={Elsevier}
}
@article{cabezas2011review,
  title={A review of atlas-based segmentation for magnetic resonance brain images},
  author={Cabezas, Mariano and Oliver, Arnau and Llad{\'o}, Xavier and Freixenet, Jordi and Bach Cuadra, Meritxell},
  journal={Computer methods and programs in biomedicine},
  volume={104},
  number={3},
  pages={e158--e177},
  year={2011},
  publisher={Elsevier}
}
@article{kalinic2009atlas,
  title={Atlas-based image segmentation: A Survey},
  author={Kalinic, Hrvoje},
  journal={Croatian Scientific Bibliography},
  year={2009}
}
@inproceedings{gubern2009atlas,
  title={Atlas based segmentation of the prostate in MR images},
  author={Gubern-Merida, Albert and Marti, Robert},
  booktitle={MICCAI: Segmentation Challenge Workshop},
  year={2009}
}
@inproceedings{klein2007segmentation,
  title={Segmentation of the prostate in MR images by atlas matching},
  author={Klein, Stefan and van der Heide, Uulke A and Raaymakers, Bas W and Kotte, Alexis NTJ and Staring, Marius and Pluim, Josien PW},
  booktitle={Biomedical Imaging: From Nano to Macro, 2007. ISBI 2007. 4th IEEE International Symposium on},
  pages={1300--1303},
  year={2007},
  organization={IEEE}
}
@article{martin2010automated,
  title={Automated segmentation of the prostate in 3D MR images using a probabilistic atlas and a spatially constrained deformable model},
  author={Martin, S{\'e}bastien and Troccaz, Jocelyne and Daanen, Vincent},
  journal={Medical physics},
  volume={37},
  number={4},
  pages={1579--1590},
  year={2010},
  publisher={American Association of Physicists in Medicine}
}
@article{nagsemi,
  title={Semi automatic detection of epilepsy from T2 weighted MR images by using atlas based segmentation of brain structure},
  author={Nag, Manas Kumar and Devakumar, D and Jeeva, JB}
}
@article{lawes2008atlas,
  title={Atlas-based segmentation of white matter tracts of the human brain using diffusion tensor tractography and comparison with classical dissection},
  author={Lawes, I Nigel C and Barrick, Thomas R and Murugam, Vengadasalam and Spierings, Natalia and Evans, David R and Song, Marie and Clark, Chris A},
  journal={Neuroimage},
  volume={39},
  number={1},
  pages={62--79},
  year={2008},
  publisher={Elsevier}
}
@article{pham2000current,
  title={Current methods in medical image segmentation 1},
  author={Pham, Dzung L and Xu, Chenyang and Prince, Jerry L},
  journal={Annual review of biomedical engineering},
  volume={2},
  number={1},
  pages={315--337},
  year={2000},
  publisher={Annual Reviews 4139 El Camino Way, PO Box 10139, Palo Alto, CA 94303-0139, USA}
}
@article{weszka1978survey,
  title={A survey of threshold selection techniques},
  author={Weszka, Joan S},
  journal={Computer Graphics and Image Processing},
  volume={7},
  number={2},
  pages={259--265},
  year={1978},
  publisher={Elsevier}
}
@article{sahoo1988survey,
  title={A survey of thresholding techniques},
  author={Sahoo, Prasanna K and Soltani, SAKC and Wong, AKC},
  journal={Computer vision, graphics, and image processing},
  volume={41},
  number={2},
  pages={233--260},
  year={1988},
  publisher={Elsevier}
}
@article{lee1998unsupervised,
  title={Unsupervised connectivity-based thresholding segmentation of midsagittal brain MR images},
  author={Lee, Chulhee and Huh, Shin and Ketter, Terence A and Unser, Michael},
  journal={Computers in biology and medicine},
  volume={28},
  number={3},
  pages={309--338},
  year={1998},
  publisher={Elsevier}
}
@article{haralick1985image,
  title={Image segmentation techniques},
  author={Haralick, Robert M and Shapiro, Linda G},
  journal={Computer vision, graphics, and image processing},
  volume={29},
  number={1},
  pages={100--132},
  year={1985},
  publisher={Elsevier}
}
@article{caldairou2011non,
  title={A non-local fuzzy segmentation method: Application to brain MRI},
  author={Caldairou, Beno{\'\i}t and Passat, Nicolas and Habas, Piotr A and Studholme, Colin and Rousseau, Fran{\c{c}}ois},
  journal={Pattern Recognition},
  volume={44},
  number={9},
  pages={1916--1927},
  year={2011},
  publisher={Elsevier}
}
@article{yang2005fuzzy,
  title={Fuzzy C-means clustering algorithm with a novel penalty term for image segmentation},
  author={Yang, Yong and Zheng, Chongxun and Lin, Pan},
  journal={OPTOELECTRONICS REVIEW},
  volume={13},
  number={4},
  pages={309},
  year={2005},
  publisher={SIGMA NOT LTD}
}